<?xml version="1.0" encoding="utf-8" ?>
<collection>
<record><leader>     cam a22        4500</leader><controlfield tag="001">283748737</controlfield><controlfield tag="003">CHVBK</controlfield><controlfield tag="005">20190717085720.0</controlfield><controlfield tag="008">130819s1882    sz |||||||||| 00   |fre d</controlfield><datafield tag="019" ind1=" " ind2=" "><subfield code="a">Notizia convertita da Bibliomaker Salita dei Frati</subfield><subfield code="5">23.05.2002 SBT</subfield></datafield><datafield tag="035" ind1=" " ind2=" "><subfield code="a">(RERO)0309137</subfield></datafield><datafield tag="035" ind1=" " ind2=" "><subfield code="a">(VAUD)991014292179702852</subfield></datafield><datafield tag="035" ind1=" " ind2=" "><subfield code="a">(IDSBB)000763399</subfield></datafield><datafield tag="035" ind1=" " ind2=" "><subfield code="a">(SNL)991000019879703976</subfield></datafield><datafield tag="035" ind1=" " ind2=" "><subfield code="a">(IDSLU)000868876</subfield></datafield><datafield tag="035" ind1=" " ind2=" "><subfield code="a">(ALEX)9925958084901791</subfield></datafield><datafield tag="035" ind1=" " ind2=" "><subfield code="a">(SBT)000207111</subfield></datafield><datafield tag="035" ind1=" " ind2=" "><subfield code="a">(NEBIS)010985262</subfield></datafield><datafield tag="035" ind1=" " ind2=" "><subfield code="a">(RNV)000284955-41bculausa_network</subfield></datafield><datafield tag="035" ind1=" " ind2=" "><subfield code="a">(RERO)000284955</subfield></datafield><datafield tag="035" ind1=" " ind2=" "><subfield code="a">0309137</subfield></datafield><datafield tag="035" ind1=" " ind2=" "><subfield code="a">(EXLNZ-41BCULAUSA_NETWORK)991010581039702851</subfield></datafield><datafield tag="035" ind1=" " ind2=" "><subfield code="a">(Sz)646806-41snl_51</subfield></datafield><datafield tag="035" ind1=" " ind2=" "><subfield code="a">(Sz)vtls000646806</subfield></datafield><datafield tag="035" ind1=" " ind2=" "><subfield code="a">(Sz)000646806</subfield></datafield><datafield tag="040" ind1=" " ind2=" "><subfield code="a">RERO</subfield></datafield><datafield tag="044" ind1=" " ind2=" "><subfield code="a">sz</subfield><subfield code="c">ch-fr</subfield></datafield><datafield tag="072" ind1=" " ind2="7"><subfield code="a">s1ht</subfield><subfield code="2">rero</subfield></datafield><datafield tag="082" ind1="1" ind2=" "><subfield code="a">940</subfield><subfield code="2">15</subfield></datafield><datafield tag="100" ind1="1" ind2=" "><subfield code="a">Esseiva</subfield><subfield code="D">Pierre</subfield><subfield code="d">1823-1899</subfield><subfield code="0">(RERO)A003222933</subfield><subfield code="4">cre</subfield></datafield><datafield tag="245" ind1="1" ind2="0"><subfield code="a">Fribourg, la Suisse et le Sonderbund</subfield><subfield code="b">1846-1861</subfield><subfield code="c">par Pierre Esseiva</subfield></datafield><datafield tag="264" ind1=" " ind2="1"><subfield code="a">Fribourg</subfield><subfield code="b">Impr. catholique suisse</subfield><subfield code="c">1882</subfield></datafield><datafield tag="300" ind1=" " ind2=" "><subfield code="a">522 p.</subfield><subfield code="c">8°</subfield></datafield><datafield tag="520" ind1="8" ind2=" "><subfield code="a">Cette publication a été honorée par un bref pontifical (cf Revue de la Suisse catholique, 1880/81, douzième année, p. 542-544)</subfield></datafield><datafield tag="650" ind1=" " ind2="7"><subfield code="a">Guerre du Sonderbund (Suisse ; 1847)</subfield><subfield code="0">(RERO)A023804147</subfield><subfield code="2">rero</subfield></datafield><datafield tag="650" ind1=" " ind2="7"><subfield code="a">guerre du Sonderbund</subfield><subfield code="2">chrero</subfield></datafield><datafield tag="650" ind1=" " ind2="7"><subfield code="a">Sonderbundskrieg</subfield><subfield code="0">(DE-588)4181796-5</subfield><subfield code="2">gnd</subfield></datafield><datafield tag="650" ind1=" " ind2="7"><subfield code="a">Geschichte</subfield><subfield code="0">(DE-588)4020517-4</subfield><subfield code="2">gnd</subfield></datafield><datafield tag="650" ind1=" " ind2="7"><subfield code="a">Konfession</subfield><subfield code="0">(DE-588)4032065-0</subfield><subfield code="2">gnd</subfield></datafield><datafield tag="650" ind1=" " ind2="7"><subfield code="a">Bürgerkrieg</subfield><subfield code="0">(DE-588)4008784-0</subfield><subfield code="2">gnd</subfield></datafield><datafield tag="651" ind1=" " ind2="7"><subfield code="a">Fribourg (Suisse, canton)</subfield><subfield code="0">(RERO)A009991678</subfield><subfield code="2">rero</subfield></datafield><datafield tag="651" ind1=" " ind2="7"><subfield code="a">Fribourg (Suisse, canton)</subfield><subfield code="y">guerre du Sonderbund</subfield><subfield code="2">chrero</subfield></datafield><datafield tag="651" ind1=" " ind2="7"><subfield code="a">Schweiz</subfield><subfield code="0">(DE-588)4053881-3</subfield><subfield code="2">gnd</subfield></datafield><datafield tag="690" ind1=" " ind2="7"><subfield code="B">u</subfield><subfield code="a">Freiburg (Schweiz). 19./20. Jh</subfield><subfield code="2">idsbb AF</subfield></datafield><datafield tag="690" ind1=" " ind2="7"><subfield code="B">u</subfield><subfield code="a">Sonderbundskrieg</subfield><subfield code="2">idsbb AF</subfield></datafield><datafield tag="690" ind1=" " ind2="7"><subfield code="B">u</subfield><subfield code="a">Friburgo - Storia</subfield><subfield code="2">sbt TF</subfield></datafield><datafield tag="690" ind1=" " ind2="7"><subfield code="B">u</subfield><subfield code="a">Svizzera - Storia - Sec. XIX</subfield><subfield code="2">sbt TF</subfield></datafield><datafield tag="690" ind1=" " ind2="7"><subfield code="B">u</subfield><subfield code="a">Sonderbund</subfield><subfield code="2">sbt TF</subfield></datafield><datafield tag="909" ind1=" " ind2="7"><subfield code="f">medea 450918</subfield><subfield code="2">idslu LA</subfield></datafield><datafield tag="909" ind1=" " ind2="7"><subfield code="a">JEBIIMPORT</subfield><subfield code="2">nebis ER</subfield></datafield><datafield tag="912" ind1=" " ind2="7"><subfield code="a">sg</subfield><subfield code="2">SzZuIDS BS/BE</subfield></datafield><datafield tag="912" ind1=" " ind2="7"><subfield code="a">ht</subfield><subfield code="2">SzBzSBTc</subfield></datafield><datafield tag="950" ind1=" " ind2=" "><subfield code="B">RERO</subfield><subfield code="P">100</subfield><subfield code="E">1-</subfield><subfield code="a">Esseiva</subfield><subfield code="D">Pierre</subfield><subfield code="d">1823-1899</subfield><subfield code="0">(RERO)A003222933</subfield><subfield code="4">cre</subfield></datafield><datafield tag="950" ind1=" " ind2=" "><subfield code="B">VAUD</subfield><subfield code="P">100</subfield><subfield code="E">1-</subfield><subfield code="a">Esseiva</subfield><subfield code="D">Pierre</subfield><subfield code="d">1823-1899</subfield></datafield><datafield tag="950" ind1=" " ind2=" "><subfield code="B">IDSBB</subfield><subfield code="P">100</subfield><subfield code="E">1-</subfield><subfield code="a">Esseiva</subfield><subfield code="D">Pierre</subfield></datafield><datafield tag="950" ind1=" " ind2=" "><subfield code="B">SNL</subfield><subfield code="P">100</subfield><subfield code="E">1-</subfield><subfield code="a">Esseiva</subfield><subfield code="D">Pierre</subfield><subfield code="d">1823-1899</subfield><subfield code="0">(DE-588)141932619</subfield></datafield><datafield tag="950" ind1=" " ind2=" "><subfield code="B">IDSLU</subfield><subfield code="P">100</subfield><subfield code="E">1-</subfield><subfield code="a">Esseiva</subfield><subfield code="D">Pierre</subfield></datafield><datafield tag="950" ind1=" " ind2=" "><subfield code="B">ALEX</subfield><subfield code="P">100</subfield><subfield code="E">1-</subfield><subfield code="a">Esseiva</subfield><subfield code="D">Pierre</subfield><subfield code="d">1823-1899</subfield><subfield code="0">(DE-588)141932619</subfield><subfield code="e">Verfasser</subfield><subfield code="4">aut</subfield></datafield><datafield tag="950" ind1=" " ind2=" "><subfield code="B">SBT</subfield><subfield code="P">100</subfield><subfield code="E">1-</subfield><subfield code="a">Esseiva</subfield><subfield code="D">Pierre</subfield></datafield><datafield tag="950" ind1=" " ind2=" "><subfield code="B">NEBIS</subfield><subfield code="P">100</subfield><subfield code="E">1-</subfield><subfield code="a">Esseiva</subfield><subfield code="D">Pierre</subfield></datafield><datafield tag="986" ind1=" " ind2=" "><subfield code="a">SWISSBIB</subfield><subfield code="b">283748737</subfield></datafield><datafield tag="986" ind1=" " ind2=" "><subfield code="a">ORANGE</subfield><subfield code="b">283748737</subfield></datafield><datafield tag="898" ind1=" " ind2=" "><subfield code="a">BK020000</subfield><subfield code="b">XK020000</subfield><subfield code="c">XK020000</subfield></datafield><datafield tag="949" ind1=" " ind2=" "><subfield code="B">SNL</subfield><subfield code="E">991000019879703976</subfield><subfield code="F">NB001</subfield><subfield code="b">NB001</subfield><subfield code="j">A 2303</subfield><subfield code="c">NB10010</subfield><subfield code="p">1900587024</subfield><subfield code="4">INLOAN</subfield></datafield><datafield tag="949" ind1=" " ind2=" "><subfield code="B">NEBIS</subfield><subfield code="C">EAD50</subfield><subfield code="D">EBI01</subfield><subfield code="E">010985262</subfield><subfield code="F">N09</subfield><subfield code="b">N09</subfield><subfield code="c">N09JJ</subfield><subfield code="j">GES.05.D22</subfield><subfield code="p">EBEST2554214</subfield><subfield code="q">010985262</subfield><subfield code="r">000010</subfield><subfield code="0">JEBI (Zürich)</subfield><subfield code="1">Jesuitica</subfield><subfield code="2">4</subfield><subfield code="3">BOOK</subfield><subfield code="4">21</subfield><subfield code="5">Benutzung im Lesesaal</subfield></datafield><datafield tag="949" ind1=" " ind2=" "><subfield code="B">RERO</subfield><subfield code="E">0309137</subfield><subfield code="F">RE01001</subfield><subfield code="b">RE01001</subfield><subfield code="c">RE010010001</subfield><subfield code="j">SOC LECT D 1777</subfield><subfield code="p">1002924150</subfield></datafield><datafield tag="949" ind1=" " ind2=" "><subfield code="B">RERO</subfield><subfield code="E">0309137</subfield><subfield code="F">RE01001</subfield><subfield code="b">RE01001</subfield><subfield code="c">RE010010001</subfield><subfield code="j">FRB 3.10.33-37</subfield><subfield code="s">FRIB 1882/2</subfield><subfield code="p">000796955</subfield><subfield code="4">3709</subfield></datafield><datafield tag="949" ind1=" " ind2=" "><subfield code="B">RERO</subfield><subfield code="E">0309137</subfield><subfield code="F">RE01001</subfield><subfield code="b">RE01001</subfield><subfield code="c">RE010010040</subfield><subfield code="j">GREM 362</subfield><subfield code="p">1001784855</subfield><subfield code="4">3709</subfield><subfield code="z">$9 r/2000/0045</subfield></datafield><datafield tag="949" ind1=" " ind2=" "><subfield code="B">RERO</subfield><subfield code="E">0309137</subfield><subfield code="F">RE01003</subfield><subfield code="b">RE01003</subfield><subfield code="c">RE010030001</subfield><subfield code="j">MUS PED IX 7+B</subfield><subfield code="p">1002890790</subfield></datafield><datafield tag="949" ind1=" " ind2=" "><subfield code="B">RERO</subfield><subfield code="E">0309137</subfield><subfield code="F">RE01003</subfield><subfield code="b">RE01003</subfield><subfield code="c">RE010030001</subfield><subfield code="j">MUS PED IX 7+A</subfield><subfield code="p">1002890791</subfield></datafield><datafield tag="949" ind1=" " ind2=" "><subfield code="B">RERO</subfield><subfield code="E">0309137</subfield><subfield code="F">RE01003</subfield><subfield code="b">RE01003</subfield><subfield code="c">RE010030001</subfield><subfield code="j">MUS PED IX 7</subfield><subfield code="p">1002890792</subfield></datafield><datafield tag="949" ind1=" " ind2=" "><subfield code="B">RERO</subfield><subfield code="E">0309137</subfield><subfield code="F">RE01003</subfield><subfield code="b">RE01003</subfield><subfield code="c">RE010030001</subfield><subfield code="j">CAP 5771</subfield><subfield code="p">RERO-12869783</subfield><subfield code="4">3709</subfield></datafield><datafield tag="949" ind1=" " ind2=" "><subfield code="B">RERO</subfield><subfield code="E">0309137</subfield><subfield code="F">RE01003</subfield><subfield code="b">RE01003</subfield><subfield code="c">RE010030007</subfield><subfield code="j">FL I 465</subfield><subfield code="p">001099703</subfield></datafield><datafield tag="949" ind1=" " ind2=" "><subfield code="B">RERO</subfield><subfield code="E">0309137</subfield><subfield code="F">RE01003</subfield><subfield code="b">RE01003</subfield><subfield code="c">RE010030007</subfield><subfield code="j">ANT 2323</subfield><subfield code="p">1001784856</subfield><subfield code="z">$9 r/2000/0045</subfield></datafield><datafield tag="949" ind1=" " ind2=" "><subfield code="B">RERO</subfield><subfield code="E">0309137</subfield><subfield code="F">RE01030</subfield><subfield code="b">RE01030</subfield><subfield code="c">RE010300006</subfield><subfield code="j">SHS FE-48</subfield><subfield code="p">1002310861</subfield><subfield code="4">3702</subfield><subfield code="z">Perdu révision 1980</subfield></datafield><datafield tag="949" ind1=" " ind2=" "><subfield code="B">RERO</subfield><subfield code="E">0309137</subfield><subfield code="F">RE01079</subfield><subfield code="b">RE01079</subfield><subfield code="c">RE010790002</subfield><subfield code="j">AEF Aa 51</subfield><subfield code="p">1004568045</subfield><subfield code="4">3701</subfield></datafield><datafield tag="949" ind1=" " ind2=" "><subfield code="B">RERO</subfield><subfield code="E">0309137</subfield><subfield code="F">RE01087</subfield><subfield code="b">RE01087</subfield><subfield code="c">RE010870001</subfield><subfield code="j">MAH ED-96</subfield><subfield code="p">1001854520</subfield><subfield code="4">3701</subfield></datafield><datafield tag="949" ind1=" " ind2=" "><subfield code="B">RERO</subfield><subfield code="E">0309137</subfield><subfield code="F">RE01089</subfield><subfield code="b">RE01089</subfield><subfield code="c">RE010890001</subfield><subfield code="j">AVF 94(494)&#34;18/20&#34;-38+A</subfield><subfield code="p">1004539002</subfield><subfield code="4">3701</subfield><subfield code="z">Fonds Jaeger-Agustoni</subfield></datafield><datafield tag="949" ind1=" " ind2=" "><subfield code="B">RERO</subfield><subfield code="E">0309137</subfield><subfield code="F">RE01089</subfield><subfield code="b">RE01089</subfield><subfield code="c">RE010890008</subfield><subfield code="j">AVF 94(494)&#34;18/20&#34;-38</subfield><subfield code="p">1004534262</subfield><subfield code="4">3701</subfield><subfield code="z">Fonds Jean Dubas</subfield></datafield><datafield tag="949" ind1=" " ind2=" "><subfield code="B">RERO</subfield><subfield code="E">0309137</subfield><subfield code="F">RE01090</subfield><subfield code="b">RE01090</subfield><subfield code="c">RE010900002</subfield><subfield code="j">BBULA NFr-349</subfield><subfield code="p">1002122967</subfield><subfield code="4">3709</subfield></datafield><datafield tag="949" ind1=" " ind2=" "><subfield code="B">RERO</subfield><subfield code="E">0309137</subfield><subfield code="F">RE01090</subfield><subfield code="b">RE01090</subfield><subfield code="c">RE010900002</subfield><subfield code="j">BBULA NF-55</subfield><subfield code="p">1002028775</subfield><subfield code="4">3709</subfield></datafield><datafield tag="949" ind1=" " ind2=" "><subfield code="B">RERO</subfield><subfield code="E">0309137</subfield><subfield code="F">RE11001</subfield><subfield code="b">RE11001</subfield><subfield code="c">RE110010034</subfield><subfield code="j">BCV TA 2417</subfield><subfield code="p">1010025556</subfield></datafield><datafield tag="949" ind1=" " ind2=" "><subfield code="B">RERO</subfield><subfield code="E">0309137</subfield><subfield code="F">RE11022</subfield><subfield code="b">RE11022</subfield><subfield code="c">RE110220001</subfield><subfield code="j">949.4 ESSE</subfield><subfield code="p">1010356266</subfield></datafield><datafield tag="949" ind1=" " ind2=" "><subfield code="B">RERO</subfield><subfield code="E">0309137</subfield><subfield code="F">RE11033</subfield><subfield code="b">RE11033</subfield><subfield code="c">RE110330001</subfield><subfield code="j">BASM FRI19</subfield><subfield code="s">BASM 949.4.26</subfield><subfield code="p">BA038847</subfield><subfield code="4">7500</subfield></datafield><datafield tag="949" ind1=" " ind2=" "><subfield code="B">RERO</subfield><subfield code="E">0309137</subfield><subfield code="F">RE31020</subfield><subfield code="b">RE31020</subfield><subfield code="c">RE310200429</subfield><subfield code="j">nela 79111</subfield><subfield code="p">041093167</subfield></datafield><datafield tag="949" ind1=" " ind2=" "><subfield code="B">RERO</subfield><subfield code="E">0309137</subfield><subfield code="F">RE31041</subfield><subfield code="b">RE31041</subfield><subfield code="c">RE310410002</subfield><subfield code="j">BICJ H 2269</subfield><subfield code="p">01016474</subfield></datafield><datafield tag="949" ind1=" " ind2=" "><subfield code="B">RERO</subfield><subfield code="E">0309137</subfield><subfield code="F">RE31041</subfield><subfield code="b">RE31041</subfield><subfield code="c">RE310410002</subfield><subfield code="j">BICJ CA 577</subfield><subfield code="p">RERO-18831369</subfield><subfield code="4">3706</subfield></datafield><datafield tag="949" ind1=" " ind2=" "><subfield code="B">RERO</subfield><subfield code="E">0309137</subfield><subfield code="F">RE61001</subfield><subfield code="b">RE61001</subfield><subfield code="c">RE610010023</subfield><subfield code="j">BGE Gf 1108</subfield><subfield code="p">1061167172</subfield></datafield><datafield tag="949" ind1=" " ind2=" "><subfield code="B">IDSBB</subfield><subfield code="C">DSV51</subfield><subfield code="D">DSV01</subfield><subfield code="E">000763399</subfield><subfield code="F">A202</subfield><subfield code="b">A202</subfield><subfield code="c">202FM</subfield><subfield code="j">DG SC 1864</subfield><subfield code="p">DSV0429262</subfield><subfield code="q">000763399</subfield><subfield code="r">000010</subfield><subfield code="x">Akz: ba/ihs-/u</subfield><subfield code="0">Basel Departement Geschichte</subfield><subfield code="1">Freihandmagazin</subfield><subfield code="3">BOOK</subfield><subfield code="4">21</subfield><subfield code="5">Benutzung an Ort</subfield></datafield><datafield tag="949" ind1=" " ind2=" "><subfield code="B">IDSBB</subfield><subfield code="C">DSV51</subfield><subfield code="D">DSV01</subfield><subfield code="E">000763399</subfield><subfield code="F">B434</subfield><subfield code="b">B434</subfield><subfield code="c">434MO</subfield><subfield code="j">StAB B 305</subfield><subfield code="p">DSVN2745153</subfield><subfield code="q">000763399</subfield><subfield code="r">000020</subfield><subfield code="0">Bern Staatsarchiv</subfield><subfield code="1">Magazin: Bücher und Broschüren</subfield><subfield code="3">BOOK</subfield><subfield code="4">23</subfield><subfield code="5">Benutzung im  Lesesaal</subfield></datafield><datafield tag="949" ind1=" " ind2=" "><subfield code="B">IDSLU</subfield><subfield code="C">ILU50</subfield><subfield code="D">ILU01</subfield><subfield code="E">000868876</subfield><subfield code="F">LUZHB</subfield><subfield code="b">LUSBI</subfield><subfield code="c">SBIZB</subfield><subfield code="j">4911.8</subfield><subfield code="p">ILUM03613199</subfield><subfield code="q">000881144</subfield><subfield code="r">000010</subfield><subfield code="0">Luzern ZHB Speicherbibliothek</subfield><subfield code="1">Aussenmagazin</subfield><subfield code="2">-</subfield><subfield code="3">BOOK</subfield><subfield code="4">23</subfield><subfield code="5">Nur Lesesaal</subfield></datafield><datafield tag="949" ind1=" " ind2=" "><subfield code="B">VAUD</subfield><subfield code="E">991014292179702852</subfield><subfield code="F">bcud</subfield><subfield code="b">bcud</subfield><subfield code="j">AA 9148</subfield><subfield code="c">810010047</subfield><subfield code="p">1094769092</subfield><subfield code="3">BOOK</subfield></datafield><datafield tag="949" ind1=" " ind2=" "><subfield code="B">VAUD</subfield><subfield code="E">991014292179702852</subfield><subfield code="F">bcuc</subfield><subfield code="b">bcuc</subfield><subfield code="j">HIST 3097</subfield><subfield code="c">810040002</subfield><subfield code="p">VD2189704</subfield><subfield code="3">BOOK</subfield></datafield><datafield tag="949" ind1=" " ind2=" "><subfield code="B">SBT</subfield><subfield code="C">SBT51</subfield><subfield code="D">SBT01</subfield><subfield code="E">000207111</subfield><subfield code="F">LUBSF</subfield><subfield code="b">LUBSF</subfield><subfield code="c">1004</subfield><subfield code="j">BSF 58 Ea 10</subfield><subfield code="p">TM0178936</subfield><subfield code="q">000208213</subfield><subfield code="r">000020</subfield><subfield code="0">LU-Biblioteca Salita dei Frati</subfield><subfield code="1">Fondo antico</subfield><subfield code="3">BOOK</subfield><subfield code="4">23</subfield><subfield code="5">Cons. magazzino</subfield></datafield><datafield tag="949" ind1=" " ind2=" "><subfield code="B">SBT</subfield><subfield code="C">SBT51</subfield><subfield code="D">SBT01</subfield><subfield code="E">000207111</subfield><subfield code="F">LUBSF</subfield><subfield code="b">LUBSF</subfield><subfield code="c">1006</subfield><subfield code="j">BSF 198 G 11</subfield><subfield code="p">TM0147707</subfield><subfield code="q">000208213</subfield><subfield code="r">000010</subfield><subfield code="0">LU-Biblioteca Salita dei Frati</subfield><subfield code="1">Fondo Landeron</subfield><subfield code="3">BOOK</subfield><subfield code="4">23</subfield><subfield code="5">Cons. magazzino</subfield></datafield><datafield tag="949" ind1=" " ind2=" "><subfield code="B">ALEX</subfield><subfield code="E">9925958084901791</subfield><subfield code="F">BIG</subfield><subfield code="b">BIG</subfield><subfield code="j">BIG NOG 21186</subfield><subfield code="c">EG</subfield><subfield code="p">1950785693</subfield></datafield></record></collection>
